@book{tolvanenKelly08,
  title={{Domain-specific modeling: enabling full code generation}},
  author={Kelly, S. and Tolvanen, J.P.},
  isbn={0470036664},
  year={2008},
  publisher={Wiley-IEEE Computer Society Pr},
  address={Hoboken, New Jersey}
}

@misc{uml11,
  title={OMG -- Object Management Group -- UML},
  year={2011},
  howpublished={\url{http://www.uml.org/}},
  note={Último acesso em: 14/02/2011}
}

@phdthesis{lucredio2009,
  author={Lucredio, D.},
  title={Uma abordagem orientada a modelos para reutilização de software},
  year={2009},
  school={Universidade de São Paulo -- USP}
}

@article{weberZhang96,
  author={Weber, R. and Zhang, Y.},
  title={An Analytical evaluation of NIAM's grammar for conceptual schema design},
  year={1996},
  journal={Information Systems Journal}
}

@INPROCEEDINGS{fernandesMachado07,
  author = {Fernandes, J.M. and Machado, R.J.},
  title = {Teaching embedded systems engineering in a software-oriented computing
	degree},
  year = {2007},
  pages = {F3H-5 -F3H-10},
  month = {oct.},
  doi = {10.1109/FIE.2007.4417949},
  issn = {0190-5848},
  journal = {Frontiers In Education Conference - Global Engineering: Knowledge
	Without Borders, Opportunities Without Passports, 2007. FIE '07.
	37th Annual},
  keywords = {Bologna declaration;embedded software design;embedded software development;embedded
	systems engineering teaching;software engineering;software-oriented
	computing degree;university degree syllabus;computer science education;educational
	courses;embedded systems;software engineering;teaching;}
}