
@book{Bar-Shalom2001,
author = {Bar-Shalom, Yaakov and {Rong Li}, X. and Kirubarajan, Thiagalingam},
pages = {548},
publisher = {John Wiley {\&} Sons, Inc},
title = {{Estimation with Applications to Tracking and Navigation: Theory Algorithms and Software}},
year = {2001}
}

@phdthesis{Teixeira2008,
author = {Teixeira, B O S},
school = {Universidade Federal de Minas Gerais},
title = {{Constrained state estimation for linear and nonlinear dynamic systems}},
year = {2008}
}

@article{Hall1997,
author = {Hall, David L. and Llinas, James},
journal = {Proceedings of the IEEE},
number = {1},
pages = {6--23},
title = {{An introduction to multisensor data fusion}},
volume = {85},
year = {1997}
}

@article{Khaleghi2013,
author = {Khaleghi, Bahador and Khamis, Alaa and Karray, Fakhreddine O. and Razavi, Saiedeh N.},
journal = {Information Fusion},
keywords = {Fusion methodologies,Multisensor data fusion,Taxonomy,defining data fusion},
mendeley-tags = {defining data fusion},
number = {1},
pages = {28--44},
publisher = {Elsevier B.V.},
title = {{Multisensor data fusion: A review of the state-of-the-art}},
volume = {14},
year = {2013}
}

@article{Jing2013,
author = {Jing, ZhongLiang and Pan, Han and Qin, YanYuan},
journal = {Chinese Science Bulletin},
mendeley-groups = {Projeto/Themes/Data Fusion Review,Projeto/Data-Fusion focused,Projeto/Sampling Scheme/Stochastic Process/2. Complementary,Projeto/All/Articles},
month = {dec},
number = {36},
pages = {4533--4540},
title = {{Current progress of information fusion in China}},
volume = {58},
year = {2013}
}

@inproceedings{Willner1976,
author = {Willner, D and Chang, C B and Dunn, K P},
booktitle = {IEEE Conference on Decision and Control including the 15th Symposium on Adaptive Processes},
pages = {570--574},
title = {{Kalman filter algorithms for a multi-sensor system}},
volume = {15},
year = {1976}
}


@phdthesis{MarioMicheli2001,
	author = {{Mario Micheli}},
	school = {University of California at Berkeley},
	title = {{Random Sampling of a Continuous-time Stochastic Dynamical System: Analysis, State Estimation, and Applications}},
	year = {2001}
}

@article{Schenato2007,
	author = {Schenato, Luca and Sinopoli, Bruno and Franceschetti, Massimo and Poolla, Kameshwar and Sastry, S. Shankar},
	journal = {Proceedings of the IEEE},
	month = {jan},
	number = {1},
	pages = {163--187},
	title = {{Foundations of Control and Estimation Over Lossy Networks}},
	volume = {95},
	year = {2007}
}



@inproceedings{Anxi2005,
	author = {Anxi, Yu and Diannong, Liang and Weidong, Hu and Zhen, Dong},
	booktitle = {IEE International Radar Conference},
	number = {C},
	title = {{A Unified Out-of-sequence Measurements Filter}},
	volume = {00},
	year = {2005}
}

@inproceedings{Micheli2002,
	author = {Micheli, Mario and Jordan, M I},
	booktitle = {Proc. of the 15th International Symposium on the Mathematical Theory of Networks and Systems},
	number = {1},
	pages = {1--15},
	title = {{Random sampling of a continuous-time stochastic dynamical system}},
	year = {2002}
}