@PHDTHESIS{rylo2007,
  author = {RYLO, E. C.},
  title = {{Adaptatividade hp em paralelo}},
  school = {Universidade Estadual de Campinas},
  year = {2007},
}


@BOOK{bittencourt2010,
  title = {{Análise computacional de estruturas com aplicação do Método de
Elementos Finitos}},
  publisher = {Editora da Unicamp},
  year = {2010},
  author = {BITTENCOURT, M. L.},
  pages = {294}
}


@ARTICLE{lima2008,
  author = {LIMA, L. M. and MELOTTI, B. Z. and CATABRIGA, L. and VALLI, A. M. P.},
  title = {Uma implementação paralela eficiente do método dos elementos finitos
    para a Equação de Advecção e Difusão},
  journal = {XXV Iberian Latin American Congress on Computational Methods in
Engineering.},
  year = {2004},
  volume = {25},
  pages = {01-09},
}
