@article{Dasarathy2001,
	author = {Dasarathy, B.V.},
	journal = {Information Fusion},
	month = {jun},
	number = {2},
	pages = {75--76},
	title = {{Information Fusion – what, where, why, when, and how?}},
	volume = {2},
	year = {2001}
}

@report{Elmenreich2002,
	author = {Wilfried Elmenreich},
	title = {An Introduction to Sensor Fusion},
	type = {Research Report},
	institution = {Vienna University of Technology},
	year = {2002},
	date = {November 19, 2002},
	OPTnumber = {47}
}


@TECHREPORT{Bostrom2007,
	author = {Henrik Boström and Sten F. Andler and Marcus Brohede and Ronnie Johansson and Er Karlsson and Joeri Van Laere and Lars Niklasson and Maria Nilsson and Anne Persson and Tom Ziemke},
	title = {On the definition of information fusion as a field of research},
	institution = {University of Skövde},
	year = {2007}
}


@book{Bar-Shalom2001,
author = {Bar-Shalom, Yaakov and {Rong Li}, X. and Kirubarajan, Thiagalingam},
pages = {548},
publisher = {John Wiley {\&} Sons, Inc},
title = {{Estimation with Applications to Tracking and Navigation: Theory Algorithms and Software}},
year = {2001}
}

@phdthesis{Teixeira2008,
author = {Teixeira, B O S},
school = {Universidade Federal de Minas Gerais},
title = {{Constrained state estimation for linear and nonlinear dynamic systems}},
year = {2008}
}

@article{Hall1997,
author = {Hall, David L. and Llinas, James},
journal = {Proceedings of the IEEE},
number = {1},
pages = {6--23},
title = {{An introduction to multisensor data fusion}},
volume = {85},
year = {1997}
}

@article{Khaleghi2013,
author = {Khaleghi, Bahador and Khamis, Alaa and Karray, Fakhreddine O. and Razavi, Saiedeh N.},
journal = {Information Fusion},
keywords = {Fusion methodologies,Multisensor data fusion,Taxonomy,defining data fusion},
mendeley-tags = {defining data fusion},
number = {1},
pages = {28--44},
publisher = {Elsevier B.V.},
title = {{Multisensor data fusion: A review of the state-of-the-art}},
volume = {14},
year = {2013}
}

@article{Jing2013,
author = {Jing, ZhongLiang and Pan, Han and Qin, YanYuan},
journal = {Chinese Science Bulletin},
mendeley-groups = {Projeto/Themes/Data Fusion Review,Projeto/Data-Fusion focused,Projeto/Sampling Scheme/Stochastic Process/2. Complementary,Projeto/All/Articles},
month = {dec},
number = {36},
pages = {4533--4540},
title = {{Current progress of information fusion in China}},
volume = {58},
year = {2013}
}

@inproceedings{Willner1976,
author = {Willner, D and Chang, C B and Dunn, K P},
booktitle = {IEEE Conference on Decision and Control including the 15th Symposium on Adaptive Processes},
pages = {570--574},
title = {{Kalman filter algorithms for a multi-sensor system}},
volume = {15},
year = {1976}
}


@phdthesis{MarioMicheli2001,
	author = {{Mario Micheli}},
	school = {University of California at Berkeley},
	title = {{Random Sampling of a Continuous-time Stochastic Dynamical System: Analysis, State Estimation, and Applications}},
	year = {2001}
}

@article{Schenato2007,
	author = {Schenato, Luca and Sinopoli, Bruno and Franceschetti, Massimo and Poolla, Kameshwar and Sastry, S. Shankar},
	journal = {Proceedings of the IEEE},
	month = {jan},
	number = {1},
	pages = {163--187},
	title = {{Foundations of Control and Estimation Over Lossy Networks}},
	volume = {95},
	year = {2007}
}



@inproceedings{Anxi2005,
	author = {Anxi, Yu and Diannong, Liang and Weidong, Hu and Zhen, Dong},
	booktitle = {IEE International Radar Conference},
	number = {C},
	title = {{A Unified Out-of-sequence Measurements Filter}},
	volume = {00},
	year = {2005}
}

@inproceedings{Micheli2002,
	author = {Micheli, Mario and Jordan, M I},
	booktitle = {Proc. of the 15th International Symposium on the Mathematical Theory of Networks and Systems},
	number = {1},
	pages = {1--15},
	title = {{Random sampling of a continuous-time stochastic dynamical system}},
	year = {2002}
}

@article{Moayedi2011,
	author = {Moayedi, Maryam and Foo, Yung Kuan and Soh, Yeng Chai},
	journal = {International Journal of Systems Science},
	number = {3},
	pages = {335--348},
	title = {{Filtering for networked control systems with single/multiple measurement packets subject to multiple-step measurement delays and multiple packet dropouts}},
	volume = {42},
	year = {2011}
}


@article{Zou2017,
	author = {Zou, Lei and Wang, Zi-Dong and Zhou, Dong-Hua},
	journal = {International Journal of Automation and Computing},
	number = {3},
	pages = {239--253},
	title = {{Event-based Control and Filtering of Networked Systems: A Survey}},
	volume = {14},
	year = {2017}
}

@article{Fatehi2017,
	author = {Fatehi, Alireza and Huang, Biao},
	journal = {Journal of Process Control},
	pages = {15--25},
	publisher = {Elsevier Ltd},
	title = {{Kalman filtering approach to multi-rate information fusion in the presence of irregular sampling rate and variable measurement delay}},
	volume = {53},
	year = {2017}
}

@article{Gopalakrishnan2010,
	author = {Gopalakrishnan, Ajit and Kaisare, Niket S and Narasimhan, Shankar},
	journal = {Journal of Process Control},
	pages = {119--129},
	title = {{Incorporating delayed and infrequent measurements in Extended Kalman Filter based nonlinear state estimation}},
	volume = {21},
	year = {2010}
}

@article{Liu2014,
	author = {Liu, Qinyuan and Wang, Zidong and He, Xiao and Zhou, D. H.},
	file = {:C$\backslash$:/Users/tatat/OneDrive/Documentos/Mendeley Desktop/Liu et al. - 2014 - A survey of event-based strategies on control and estimation.pdf:pdf},
	journal = {Systems Science and Control Engineering},
	month = {dec},
	number = {1},
	pages = {90--97},
	title = {{A survey of event-based strategies on control and estimation}},
	volume = {2},
	year = {2014}
}


@article{Kawaguchi2017,
	author = {Kawaguchi, Takahiro and Inoue, Masaki and Adachi, Shuichi},
	journal = {SICE Journal of Control, Measurement, and System Integration},
	number = {3},
	pages = {259--265},
	title = {{State Estimation under Lebesgue Sampling and an Approach to Event-Triggered Control}},
	volume = {10},
	year = {2017}
}

@article{Xue-Bo2012,
	author = {Xue-Bo, Jin and Jing-Jing, Du and Jia, Bao},
	journal = {International Journal of Advanced Robotic Systems},
	title = {{Target Tracking of a Linear Time Invariant System Under Irregular Sampling}},
	url = {http://journals.sagepub.com/doi/pdf/10.5772/54471},
	volume = {9},
	year = {2012}
}

@article{Yan2013,
	author = {Yan, Liping and Xiao, Bo and Xia, Yuanqing and Fu, Mengyin},
	journal = {International Journal of Systems Science},
	month = {oct},
	number = {10},
	pages = {1913--1924},
	title = {{State estimation for a kind of non-uniform sampling dynamic system}},
	volume = {44},
	year = {2013}
}

@article{Bar-Shalom2000,
	author = {Bar-Shalom, Yaakov},
	journal = {Proceedings of SPIE},
	number = {3},
	pages = {769--778},
	title = {{Update with out-of-sequence measurements in tracking: Exact solution}},
	volume = {4048},
	year = {2000}
}

@article{Penarrocha2012,
	author = {Pe{\~{n}}arrocha, I and Sanchis, R and Romero, J A},
	journal = {International Journal of Systems Science},
	number = {8},
	pages = {1441--1453},
	title = {{State estimator for multisensor systems with irregular sampling and time-varying delays}},
	volume = {43},
	year = {2012}
}

@inproceedings{Julier2005,
	author = {Julier, Simon J. and Uhlmann, Jeffrey K.},
	booktitle = {Proceedings of the 2005 American Control Conference},
	pages = {4028--4033},
	title = {{Fusion of time delayed measurements with uncertain time delays}},
	year = {2005}
}


@article{Sheng2002,
	author = {Sheng, Jie and Chen, Tongwen and Shah, Sirish L},
	journal = {Journal of Process Control},
	pages = {875--885},
	title = {{Generalized predictive control for non-uniformly sampled systems}},
	volume = {12},
	year = {2002}
}

@inproceedings{Li2005,
	author = {Li, Weihua and Shah, Sirish L. and Xiao, Deyun},
	booktitle = {IFAC Proceedings Volumes},
	number = {1},
	pages = {99--104},
	publisher = {IFAC},
	title = {{Kalman Filters for Non-Uniformly Sampled Multirate Systems}},
	volume = {38},
	year = {2005}
}

@article{Liang2009,
	author = {Liang, Yan and Chen, Tongwen and Pan, Quan},
	journal = {International Journal of Control},
	number = {11},
	pages = {2059--2076},
	title = {{Multi-rate optimal state estimation}},
	volume = {82},
	year = {2009}
}
